@techreport{ISO-C-Standard,
  author      = {{International Organization for Standardization (ISO)}},
  title       = {{ISO/IEC 9899:2018, Programming languages - C}},
  institution = {{International Organization for Standardization (ISO)}},
  year        = {2018},
  url         = {https://www.open-std.org/jtc1/sc22/wg14/www/docs/n2310.pdf},
  urldate     = {2024-03-18}
}

@misc{CDGS,
  author       = {Jiří Techet, Tomáš Masopust and Alexander Meduna},
  title        = {Cooperating Distributed Grammar Systems},
  year         = {2007},
  howpublished = {online},
  note         = {Department of Information Systems, Faculty of Information Technology, Brno University of Technology, Božetěchova 2, Brno 61266, Czech Republic},
  url          = {http://www.fit.vutbr.cz/~meduna/work/lib/exe/fetch.php?media=lectures:phd:tid:frvs:09-cdgspres.pdf}
}

@misc{PCGS,
  author       = {Jiří Techet, Tomáš Masopust and Alexander Meduna},
  title        = {Parallel Communicating Grammar Systems},
  year         = {2007},
  howpublished = {online},
  note         = {Department of Information Systems, Faculty of Information Technology, Brno University of Technology, Božetěchova 2, Brno 61266, Czech Republic},
  url          = {http://www.fit.vutbr.cz/~meduna/work/lib/exe/fetch.php?media=lectures:phd:tid:frvs:10-pcgspres.pdf}
}

@book{Handbook-Of-Formal-Languages-2,
  editor    = {G. Rozenberg and A. Salomaa},
  title     = {Handbook of Formal Languages},
  volume    = {2},
  edition   = {1},
  subtitle  = {Linear Modeling: Background and Application},
  publisher = {Springer},
  year      = {1997},
  address   = {Berlin Heidelberg},
  isbn      = {978-3-642-08230-6}
}

@article{Various-communications-in-PC-grammar-systems,
  author     = {Vaszil, Gy\"{o}rgy},
  title      = {Various communications in PC grammar systems},
  year       = {1998},
  issue_date = {May 1998},
  publisher  = {Institute of Informatics, University of Szeged},
  address    = {Szeged, HUN},
  volume     = {13},
  number     = {2},
  issn       = {0324-721X},
  journal    = {Acta Cybernetica},
  month      = {may},
  pages      = {173–196},
  numpages   = {24}
}
