@techreport{ISO-C-Standard,
    author = {{International Organization for Standardization (ISO)}},
    title = {{ISO/IEC 9899:2018, Programming languages - C}},
    institution = {{International Organization for Standardization (ISO)}},
    year = {2018}, 
    url = {https://www.open-std.org/jtc1/sc22/wg14/www/docs/n2310.pdf},
    urldate = {2024-03-18},
}
